<record><leader>00000cas a22000007a 4500</leader><controlfield tag="001">21427927</controlfield><controlfield tag="008">900425d19241927moudr ne      0    0eng d</controlfield><datafield ind1=" " ind2=" " tag="010"><subfield code="a">sn 90061586 </subfield></datafield><datafield ind1=" " ind2=" " tag="040"><subfield code="a">MQN</subfield><subfield code="b">eng</subfield><subfield code="c">MQN</subfield><subfield code="d">OCLCQ</subfield></datafield><datafield ind1=" " ind2=" " tag="042"><subfield code="a">msc</subfield></datafield><datafield ind1="0" ind2=" " tag="130"><subfield code="a">Jefferson City tribune (Jefferson City, Mo. : 1924)</subfield></datafield><datafield ind1="1" ind2="0" tag="245"><subfield code="a">Jefferson City tribune.</subfield></datafield><datafield ind1=" " ind2=" " tag="260"><subfield code="a">Jefferson City, Mo. :</subfield><subfield code="b">Tribune Print. Co.,</subfield><subfield code="c">1924-1927.</subfield></datafield><datafield ind1=" " ind2=" " tag="300"><subfield code="a">v.</subfield></datafield><datafield ind1=" " ind2=" " tag="310"><subfield code="a">Daily</subfield></datafield><datafield ind1="0" ind2=" " tag="362"><subfield code="a">Vol. 59, no. 11 (Dec. 1, 1924)-v. 61, no. 68 (Feb. 2, 1927).</subfield></datafield><datafield ind1=" " ind2=" " tag="752"><subfield code="a">United States</subfield><subfield code="b">Missouri</subfield><subfield code="c">Cole</subfield><subfield code="d">Jefferson City.</subfield></datafield><datafield ind1="0" ind2="0" tag="780"><subfield code="t">Daily democrat-tribune (Jefferson City, Mo. : 1922)</subfield><subfield code="w">(DLC)sn 90061585</subfield></datafield><datafield ind1="0" ind2="7" tag="785"><subfield code="t">Daily post (Jefferson City, Mo.)</subfield><subfield code="w">(DLC)sn 86063333</subfield></datafield><datafield ind1="0" ind2="7" tag="785"><subfield code="t">Jefferson City post-tribune</subfield><subfield code="w">(DLC)sn 84020005</subfield></datafield></record>